<collection xmlns="http://www.loc.gov/MARC21/slim">
<record>
  <leader>01886nam0a2200301 i 450 </leader>
  <controlfield tag="001">IT\ICCU\CNCE\017244</controlfield>
  <controlfield tag="005">20110804000000.0</controlfield>
  <datafield tag="012" ind1=" " ind2=" ">
    <subfield code="a">c-he molo e-a- otEl (3) 1591 (R)</subfield>
    <subfield code="2">fei</subfield>
  </datafield>
  <datafield tag="100" ind1=" " ind2=" ">
    <subfield code="a">19970101d1591        0itac0103    ba</subfield>
  </datafield>
  <datafield tag="101" ind1=" " ind2=" ">
    <subfield code="a">ITA</subfield>
  </datafield>
  <datafield tag="102" ind1=" " ind2=" ">
    <subfield code="a">IT</subfield>
  </datafield>
  <datafield tag="200" ind1="1" ind2=" ">
    <subfield code="a">Historia della vita del glorioso s. Paterniano vescouo, e protettore della citt ̉di Fano. Scritta in lingua italiana dal r.m. Francesco Dionigi. A spirituale consolatione di tutti i deuoti di questo santo. Aggiuntaui etiandio la sua translatione dalla chiesa di fuori nella noua chiesa nella citt,̉ con tutti i minuti particolari, che occorsero in quel tempo, cauati da scritture autentiche, e da molte memorie, che si fecero all&apos;hora per dichiaratione del fatto, con la sacra etiandio di detta chiesa</subfield>
  </datafield>
  <datafield tag="210" ind1=" " ind2=" ">
    <subfield code="a">In Fano</subfield>
    <subfield code="c">appresso Pietro Farri</subfield>
    <subfield code="d">1591</subfield>
    <subfield code="e">In Fano</subfield>
    <subfield code="g">appresso Pietro Farri</subfield>
    <subfield code="h">1591</subfield>
  </datafield>
  <datafield tag="215" ind1=" " ind2=" ">
    <subfield code="a">19, \1! c.</subfield>
    <subfield code="d">4ʻ</subfield>
  </datafield>
  <datafield tag="620" ind1=" " ind2=" ">
    <subfield code="a">IT</subfield>
    <subfield code="d">Fano</subfield>
  </datafield>
  <datafield tag="700" ind1=" " ind2="1">
    <subfield code="a">Dionigi,</subfield>
    <subfield code="b">Francesco</subfield>
    <subfield code="3">IT\ICCU\CNCA\004849</subfield>
  </datafield>
  <datafield tag="712" ind1="0" ind2="0">
    <subfield code="a">Farri, Pietro</subfield>
    <subfield code="3">IT\ICCU\CNCT\000613</subfield>
    <subfield code="4">650</subfield>
  </datafield>
  <datafield tag="791" ind1="0" ind2="0">
    <subfield code="a">Farreus, Petrus</subfield>
    <subfield code="3">IT\ICCU\CNCT\003793</subfield>
    <subfield code="z">Farri, Pietro</subfield>
  </datafield>
  <datafield tag="791" ind1="0" ind2="0">
    <subfield code="a">Farris, Petrus de</subfield>
    <subfield code="3">IT\ICCU\CNCT\005469</subfield>
    <subfield code="z">Farri, Pietro</subfield>
  </datafield>
  <datafield tag="801" ind1=" " ind2="3">
    <subfield code="a">IT</subfield>
    <subfield code="b">ICCU</subfield>
    <subfield code="c">20201114</subfield>
  </datafield>
  <datafield tag="899" ind1=" " ind2=" ">
    <subfield code="a">Biblioteca Giovardiana. Veroli</subfield>
    <subfield code="1">FR0072</subfield>
    <subfield code="2">RMS G1</subfield>
  </datafield>
  <datafield tag="899" ind1=" " ind2=" ">
    <subfield code="a">Biblioteca nazionale Vittorio Emanuele III. Napoli</subfield>
    <subfield code="1">NA0079</subfield>
    <subfield code="2">NAP BN</subfield>
  </datafield>
  <datafield tag="899" ind1=" " ind2=" ">
    <subfield code="a">Biblioteca comunale Federiciana. Fano</subfield>
    <subfield code="1">PU0018</subfield>
    <subfield code="2">URB FN</subfield>
  </datafield>
  <datafield tag="899" ind1=" " ind2=" ">
    <subfield code="a">Biblioteca universitaria Alessandrina. Roma</subfield>
    <subfield code="1">RM0280</subfield>
    <subfield code="2">RML 01</subfield>
  </datafield>
  <datafield tag="899" ind1=" " ind2=" ">
    <subfield code="a">Biblioteca Casanatense. Roma</subfield>
    <subfield code="1">RM0313</subfield>
    <subfield code="2">RML 07</subfield>
  </datafield>
  <datafield tag="899" ind1=" " ind2=" ">
    <subfield code="a">Biblioteca P. Bertolla del Seminario arcivescovile. Udine</subfield>
    <subfield code="1">UD0123</subfield>
    <subfield code="2">ZUD 06</subfield>
  </datafield>
  <datafield tag="911" ind1=" " ind2=" ">
    <subfield code="a">Sul front.</subfield>
    <subfield code="9">IT\ICCU\CNCM\000300</subfield>
  </datafield>
  <datafield tag="921" ind1=" " ind2=" ">
    <subfield code="a">IT\ICCU\CNCM\000300</subfield>
    <subfield code="b">Cammello inginocchiato, in atto di rialzarsi, viene caricato da due persone. In cornice figurata</subfield>
    <subfield code="e">Satis</subfield>
    <subfield code="c">V43</subfield>
    <subfield code="d">4,8 x 6,1 cm.; E&apos; la Z190ter.</subfield>
    <subfield code="f">CAMMELLO</subfield>
    <subfield code="f">SATIS</subfield>
    <subfield code="f">SOMA</subfield>
    <subfield code="g">1570-1591</subfield>
  </datafield>
</record>
</collection>
